<record><leader>00000cas a22000007a 4500</leader><controlfield tag="001">26798330</controlfield><controlfield tag="008">921016d18661867cauwr ne      0    0eng d</controlfield><datafield ind1=" " ind2=" " tag="010"><subfield code="a">sn 92068422 </subfield></datafield><datafield ind1=" " ind2=" " tag="040"><subfield code="a">CNK</subfield><subfield code="b">eng</subfield><subfield code="c">CNK</subfield><subfield code="d">OCLCQ</subfield></datafield><datafield ind1=" " ind2=" " tag="042"><subfield code="a">msc</subfield></datafield><datafield ind1="0" ind2="0" tag="245"><subfield code="a">Columbia citizen.</subfield></datafield><datafield ind1=" " ind2=" " tag="260"><subfield code="a">Columbia, Cal. :</subfield><subfield code="b">W.G. Dinsmore</subfield></datafield><datafield ind1=" " ind2=" " tag="300"><subfield code="a">v.</subfield></datafield><datafield ind1=" " ind2=" " tag="310"><subfield code="a">Weekly</subfield></datafield><datafield ind1="0" ind2=" " tag="362"><subfield code="a">Vol. 1, no. 1 (July 28, 1866)-v. 1, no. 52 (July 20, 1867).</subfield></datafield><datafield ind1=" " ind2="4" tag="651"><subfield code="a">Tuolumne County (Calif.)</subfield><subfield code="v">Newspapers.</subfield></datafield><datafield ind1=" " ind2=" " tag="752"><subfield code="a">United States</subfield><subfield code="b">California</subfield><subfield code="c">Tuolumne</subfield><subfield code="d">Columbia.</subfield></datafield><datafield ind1="1" ind2=" " tag="029"><subfield code="a">AU@</subfield><subfield code="b">000020734346</subfield></datafield></record>